@article{evaluation-based,
  author =       {Haulsen, Ivo and Sodan, Angela},
  year =         1989,
  month =        07,
  title =        {UnicStep-a visual stepper for COMMON LISP:
                  portability and language aspects},
  volume =       {III},
  journal =      {ACM Sigplan Lisp Pointers},
  doi =          {10.1145/121999.122003}
}

@article{annotation-based,
  author =       {Parker, Glen Randolph},
  title =        {Annotation-Based Program Stepping},
  year =         1987,
  issue_date =   {October 1987},
  publisher =    {Association for Computing Machinery},
  address =      {New York, NY, USA},
  volume =       1,
  number =       4,
  issn =         {1045-3563},
  url =          {https://doi.org/10.1145/1317216.1317217},
  doi =          {10.1145/1317216.1317217},
  journal =      {SIGPLAN Lisp Pointers},
  month =        oct,
  pages =        {3–11},
  numpages =     9
}

@inproceedings{agnostic-lizard,
  author =       {Raskin, Michael},
  title =        {Writing a best-effort portable code walker in Common
                  Lisp.},
  series =       {ELS2017},
  booktitle =    {Proceedings of 10th European Lisp Simposium},
  location =     {Vrije Universiteit Brussel, Belgium},
  year =         2017,
  numpages =     11,
  volume =       {I},
  number =       {1},
  issue_date =   {April 2017},
  journal =      {10th European Lisp Simposium},
  doi =          {10.5281/zenodo.3254669}
}

@online{bourguignon,
  author =       {Bourguignon, Pascal},
  year =         2012,
  title =        {Implements a Common Lisp stepper},
  url =          {https://gitlab.com/com-informatimago/com-informatimago/-/blob/master/common-lisp/lisp/stepper.lisp}
}

@online{bourguignon-reader,
  author =       {Bourguignon, Pascal},
  year =         2007,
  title =        {Implements the Common Lisp Reader},
  url =          {https://hub.darcs.net/hu.dwim/hu.dwim.reader/browse/source/reader.lisp}
}

@online{eclector,
  author =       {Moringen, Jan and Strandh, Robert},
  year =         2018,
  title =        {A Portable, Source-tracking Reader for Common Lisp},
  organization = {LaBRI, University of Bordeaux},
  url =
                  {https://github.com/s-expressionists/Eclector/blob/master/papers/to-submit-1/eclector.tex}
}

@online{slime,
  author =       {Eller, Helmut and Gorrie, Luke and Marsden, Eric and others},
  year =         {2003},
  title =        {SLIME: The Superior Lisp Interaction Mode for Emacs},
  organization = {Common-Lisp.net},
  url =          {https://common-lisp.net/project/slime/}
}

@online{sly,
  author =       {Távora, João and others},
  year =         {2014},
  title =        {SLY: Sylvester the Cat's Common Lisp IDE},
  organization = {GitHub},
  url =          {https://github.com/joaotavora/sly.git}
}

@online{edebug,
  author =       {LaLiberte, Daniel},
  year =         {1988},
  title =        {Edebug: a source-level debugger for Emacs Lisp},
  organization = {FSF},
  url =
                  {https://github.com/emacs-mirror/emacs/blob/master/lisp/emacs-lisp/edebug.el}
}

@online{emacs,
  year =         {1984},
  title =        {Emacs GNU Emacs: An extensible, customizable,
                  free/libre text editor — and more.},
  organization = {Free Software Foundation},
  url =          {https://www.gnu.org/software/emacs/}
}

@online{lispworks-stepper,
  year =         {2011},
  title =        {LispWorks IDE User Guide: The Stepper},
  organization = {LispWorks},
  url =
                  {http://www.lispworks.com/documentation/lw61/IDE-W/html/ide-w-496.htm}
}
